@article{lesmis,
Author = {M. E. J. Newman},
Title = {Finding community structure in networks using the eigenvectors of matrices},
Year = {2006},
Eprint = {arXiv:physics/0605087},
Howpublished = {Phys. Rev. E 74, 036104 (2006)},
Doi = {10.1103/PhysRevE.74.036104},
},
@inbook{power,
author = {Lietz, Haiko},
year = {2019},
month = {01},
pages = {551-553},
title = {Watts, Duncan J./Strogatz, Steven H. (1998). Collective Dynamics of » Small- World « Networks. Nature 393, S. 440 – 442.},
isbn = {978-3-658-21741-9},
doi = {10.1007/978-3-658-21742-6_130}
}
